<record><leader>00000cas a22000007a 4500</leader><controlfield tag="001">21360036</controlfield><controlfield tag="008">900411d19311932mouwr ne      0    0eng d</controlfield><datafield ind1=" " ind2=" " tag="010"><subfield code="a">sn 90061352 </subfield></datafield><datafield ind1=" " ind2=" " tag="040"><subfield code="a">MQN</subfield><subfield code="b">eng</subfield><subfield code="c">MQN</subfield><subfield code="d">OCLCQ</subfield></datafield><datafield ind1=" " ind2=" " tag="042"><subfield code="a">msc</subfield></datafield><datafield ind1="0" ind2="4" tag="245"><subfield code="a">The Plowman-transcript.</subfield></datafield><datafield ind1=" " ind2=" " tag="260"><subfield code="a">Pacific, Mo. :</subfield><subfield code="b">Raymond Maquire,</subfield><subfield code="c">1931-1932.</subfield></datafield><datafield ind1=" " ind2=" " tag="300"><subfield code="a">v.</subfield></datafield><datafield ind1=" " ind2=" " tag="310"><subfield code="a">Weekly</subfield></datafield><datafield ind1="0" ind2=" " tag="362"><subfield code="a">Vol. 49, no. 29 (Jan. 16, 1931)-v. 42, no. 20 (Nov. 11, 1932).</subfield></datafield><datafield ind1=" " ind2=" " tag="752"><subfield code="a">United States</subfield><subfield code="b">Missouri</subfield><subfield code="c">Franklin</subfield><subfield code="d">Pacific.</subfield></datafield><datafield ind1="0" ind2="4" tag="780"><subfield code="t">Pacific transcript (Pacific, Mo. : 1891)</subfield><subfield code="w">(DLC)sn 86063648</subfield></datafield><datafield ind1="0" ind2="4" tag="780"><subfield code="t">Pacific plowman</subfield><subfield code="w">(DLC)sn 90061351</subfield></datafield><datafield ind1="0" ind2="0" tag="785"><subfield code="t">Pacific transcript (Pacific, Mo. : 1932)</subfield><subfield code="w">(DLC)sn 90061353</subfield></datafield></record>